Automatically generated by Mendeley Desktop 1.17.13
Any changes to this file will be lost if it is regenerated by Mendeley.

BibTeX export options can be customized via Options -> BibTeX in Mendeley Desktop

@article{Foldvik1985b,
author = {Foldvik, A. and Gammelsr{\o}d, T. and T{\o}rresen, T.},
doi = {10.1111/j.1751-8369.1985.tb00507.x},
file = {:C$\backslash$:/Users/kda005/AppData/Local/Mendeley Ltd./Mendeley Desktop/Downloaded/Foldvik, Gammelsr{\o}d, T{\o}rresen - 1985 - Physical oceanography studies in the Weddell Sea during the Norwegian Antarctic Research Expedition 197879.pdf:pdf},
issn = {0800-0395},
journal = {Polar Research},
month = {dec},
number = {2},
pages = {195--207},
title = {{Physical oceanography studies in the Weddell Sea during the Norwegian Antarctic Research Expedition 1978/79}},
volume = {3},
year = {1985}
}
